%---------------------------------------------------------------------------------------------------
% Regeln:
% - Autoren immer mit `and' verbinden
% - Umlaute und sz mit {\"a}, {\"o}, {\"u}, {\ss}, {\"A}, ...
%---------------------------------------------------------------------------------------------------

% Beginn des Literaturverzeichnisses ---------------------------------------------------------------

%---------------------------------------------------------------------------------------------------
% LaTeX
%---------------------------------------------------------------------------------------------------

@book{Guenther:2002,
  author =       "Karsten G{\"u}nther",
  title =        "\myLatex GE-PACKT",
  publisher =    "mitp",
  year =         "2002",
  isbn =         "3-8266-0785-6",
}

@book{Lamport:1995,
  author =       "Leslie Lamport",
  title =        "Das \myLatex Handbuch",
  publisher =    "Addison-Wesley",
  year =         "1995",
  isbn =         "3-89319-826-1",
}

@book{Goossens:2000,
  author =       "Michel Goossens and Frank Mittelbach and Alexander Samarin",
  title =        "Der \myLatex-Begleiter",
  publisher =    "Addison-Wesley",
  year =         "2000",
  isbn =         "3-8273-1689-8",
}

@book{Kohm:2003,
  author =       "Markus Kohm and Jens-Uwe Morawksi",
  title =        "KOMA-Script",
  publisher =    "dante",
  year =         "2003",
  isbn =         "3-936427-45-3",
}

%---------------------------------------------------------------------------------------------------
% Programmieren i.Allg.
%---------------------------------------------------------------------------------------------------


@book{Hunt:2003,
  author =       "Andrew Hunt and David Thomas",
  title =        "Der Pragmatische Programmierer",
  publisher =    "Hanser",
  year =         "2003",
  isbn =         "3-446-22309-6",
}

%---------------------------------------------------------------------------------------------------
% Java
%---------------------------------------------------------------------------------------------------

@book{Boehm:2002,
  author =       "Oliver B{\"o}hm",
  title =        "Java Software Engineering unter Linux",
  publisher =    "SuSE Press",
  year =         "2002",
  isbn =         "3-935922-53-1",
}

@book{Schmatz:2004,
  author =       "Klaus-Dieter Schmatz",
  title =        "Java 2 Micro Edition - Entwicklung mobiler Anwendungen mit CLDC und MIDP",
  publisher =    "dpunkt.verlag",
  year =         "2004",
  isbn =         "3-89864-271-2",
}

%---------------------------------------------------------------------------------------------------
% Soziales, Soziale Netze etc.
%---------------------------------------------------------------------------------------------------

@article{Streitz:2005,
	author	= "Norbert Streitz AND Paddy Nixon",
	title		= "The Disappearing Computer",
	journal = "Communications of the ACM",
	year		= "2005",
	volume	= "48",
	number	= "3",
	pages		= "33--35",
	month		= mar,
}

@misc{HP:2004,
	title	= "Cooltown (Overview)",
	author	= "Hewlett-Packard",
	url	= "http://www.cooltown.com/cooltown/",
	year	= "2004",
}

@book{Luede:2004,
	author 		= "Rolf von L{\"u}de and Daniel Moldt and R{\"u}diger Valk",
	title		= "Sozionik - Modellierung soziologischer Theorie",
	publisher 	= "LIT",
	year		= "2004",
	isbn		= "3-8258-5980-0",
}

@book{Demarco:1999,
	author 		= "Tom DeMarco and Tomothy Lister",
	title		= "Wien wartet auf Dich - Der Faktor Mensch im DV-Management",
	publisher	= "Carl Hanser Verlag München Wien",
	year		= "1999",
	isbn		= "3-446-21277-9",
}

%---------------------------------------------------------------------------------------------------
% Pervasive,Ubiqitious & Mobile Computing
%---------------------------------------------------------------------------------------------------

@article{Kollakowski:2004,
  author =       "Malte Kollakowski",
  title =        "Mobile Aktivit{\"a}ten",
  journal =      "Der Entwickler",
  year =         "2004",
  number =       "4.04",
  pages =        "15--20",
  month =         apr,
}

%---------------------------------------------------------------------------------------------------
% Erstellung & Präsentation von Arbeiten
%---------------------------------------------------------------------------------------------------

@book{Dawson:2003,
  author =       "Christian W. Dawson",
  title =        "Computerprojekte im Klartext",
  publisher =    "Pearson Studium",
  year =         "2003",
  isbn =         "3-8273-7067-1",
}

@book{Poenicke:1988,
  author =       "Klaus Poenicke",
  title =        "Wie verfaßt man wissenschaftliche Arbeiten?",
  publisher =    "Duden",
  year =         "1988",
  isbn =         "3-411-02751-7",
}

@book{Kruse:2000,
  author =       "Otto Kruse",
  title =        "Keine Angst vor dem leeren Blatt",
  publisher =    "campus concret",
  year =         "2000",
  isbn =         "3-593-36659-2",
}

%---------------------------------------------------------------------------------------------------
% Künstliche Intelligenz
%---------------------------------------------------------------------------------------------------

@book{Nilsson:1998,
  author =       "Nils J. Nilsson",
  title =        "Artificial Intelligence: A New Synthesis",
  publisher =    "Morgan Kaufmann",
  year =         "1998",
  isbn =         "1-55860-535-5",
}

@book{Heinsohn:1999,
  author =       "Jochen Heinsohn and Rolf Socher-Ambrosius",
  title =        "Wissensverarbeitung",
  publisher =    "Spektrum Akademischer Verlag",
  year =         "1999",
  isbn =         "3-8274-0308-1",
}

@book{Luger:2001,
  author =       "George F. Luger",
  title =        "K{\"u}nstliche Intelligenz",
  publisher =    "Pearson Studium",
  year =         "2001",
  isbn =         "3-8273-7002-7",
}

%---------------------------------------------------------------------------------------------------
% Agentensysteme
%---------------------------------------------------------------------------------------------------

@book{Kuehnel:2001,
  author =       "Ralf K{\"u}hnel",
  title =        "Agentenbasierte Softwareentwicklung",
  publisher =    "Addison-Wesley",
  year =         "2001",
  isbn =         "3-8273-1739-8",
}

@book{Bigus:2001,
  author =       "Joseph Bigus and Jennifer Bigus",
  title =        "Intelligente Agenten mit Java programmieren",
  publisher =    "Addison-Wesley",
  year =         "2001",
  isbn =         "3-8273-1841-6",
}

@book{Ferber:2001,
  author =       "Jacques Ferber",
  title =        "Multiagentensysteme",
  publisher =    "Addison-Wesley",
  year =         "2001",
  isbn =         "3-8273-1679-0",
}

@book{Wooldridge:2002,
  author =       "Michael Wooldridge",
  title =        "MultiAgent Systems",
  publisher =    "Wiley",
  year =         "2002",
  isbn =         "0-471-49691-X",
}

%---------------------------------------------------------------------------------------------------
% Verteilte Anwendungen
%---------------------------------------------------------------------------------------------------

@book{KuroseRoss:2002,
  author =       "James F. Kurose and Keith W. Ross",
  title =        "Computernetze",
  publisher =    "Pearson Studium",
  year =         "2002",
  isbn =         "3-8273-7017-5",
}

@book{Vogt:2001,
  author =       "Carsten Vogt",
  title =        "Betriebssysteme",
  publisher =    "Spektrum Akademischer Verlag",
  year =         "2001",
  isbn =         "3-8274-1117-3",
}

%---------------------------------------------------------------------------------------------------
% Profile
%---------------------------------------------------------------------------------------------------

@misc{Roetzer:1999,
	title	= "Ein neuer Standard soll Kundendaten zusammenführen",
	author	= "Florian R{\"o}tzer",
	url	= "http://www.heise.de/newsticker/meldung/6970",
	year	= "1999",
}

@misc{P3P:2004,
	title	= "Platform For Privacy Preferences (P3P) Project",
	author	= "W3C",
	url	= "http://www.w3.org/P3P/",
	year	= "2004",
}

@misc{CPEX:2004,
	title 	= "CP Exchange",
	author	= "IDEAlliance",
	url	= "http://www.cpexchange.org/standard/",
	year	= "2004",
}

%---------------------------------------------------------------------------------------------------
% Diverse
%---------------------------------------------------------------------------------------------------

@book{Duden:1997,
  editor =       "{Prof. Dr. Dr. h.c. G{\"u}nther} Drosdowski AND Dr. Werner Scholze-Stubenrecht AND Dr. Matthias Wermke",
  title =        "Das Fremd{\"o}rterbuch",
  publisher =    "Duden",
  year =         "1997",
  isbn =         "3-411-04056-4",
}

%---------------------------------------------------------------------------------------------------
% Diplom-, Studien und Seminararbeiten
%---------------------------------------------------------------------------------------------------

@misc{Hoerauf:2001,
	title 		= "Hewlett-Packard Cooltown Project",
	author		= "Julia H{\"o}rauf",
	year		= "2001",
	howpublished 	= "Universit{\"a}t Karlsruhe - Institut f{\"u}r Telematik, Seminararbeit zum Seminar Ubiquit{\"a}re Systeme",
	url		= "http://www.informatik.uni-mannheim.de/pi4/lectures/ws0102/UbiquitousComputing/cooltown_arbeit.pdf",	
}

@misc{Schirru:2004,
	title 		= "Trust, Reputation, Privacy",
	author		= "Rafael Schirru",
	year		= "2004",
	howpublished 	= "Universit{\"a}t Karlsruhe - Lehrgebiet Datenverwaltungssysteme, Seminararbeit zum Seminar Grundlagen webbasierter Informationssysteme",
	url		= "http://wwwdvs.informatik.uni-kl.de/courses/seminar/SS2004/rschirrub.pdf",	
}

@mastersthesis{Babic:2003,
  title =        "Entwicklung einer profilverarbeitenden ubiquitären Anwendung",
  author =       "Alexander Babic",
  year =         "2003",
  type =  	     "Diplomarbeit",
  school =       "\HAW",
  url		= "http://users.informatik.haw-hamburg.de/~ubicomp/arbeiten/diplom/babic.pdf",
}

@mastersthesis{Butrynowski:2005,
  title 	= "Entwicklung eines Systems zur Clusteranalyse von Benutzerprofilen",
  author 	= "Christian Butrynowski",
  year 		= "2005",
  type 		= "Studienarbeit",
  school 	= "\HAW",
  url			= "http://users.informatik.haw-hamburg.de/~ubicomp/arbeiten/studien/butrynowski.pdf",
}

@mastersthesis{Luepke:2004,
  title =        "Entwurf einer Sicherheitsarchitektur f{\"u}r den Einsatz mobiler Endger{\"a}te",
  author =       "André L{\"u}pke",
  year =         "2004",
  type = 	 "Diplomarbeit",
  school =       "\HAW",
  url		= "http://users.informatik.haw-hamburg.de/~ubicomp/arbeiten/diplom/luepke.pdf",
}

@mastersthesis{Bresch:2004,
  title 	= "Erweiterung des Java Server Faces Frameworks f{\"'u}r den Einsatz in mobilen Anwendungen",
  author 	= "Marco Bresch",
  year 		= "2004",
  type 		= "Diplomarbeit",
  school 	= "\HAW",
  url			= "http://users.informatik.haw-hamburg.de/~ubicomp/arbeiten/diplom/bresch.pdf",
}
% Ende des Literaturverzeichnisses -----------------------------------------------------------------