% Encoding: UTF-8

@InProceedings{sabotta2013Masterthesis,
  author    = {Daniel Sabotta},
  title     = {Design eines CMOS-Testchips für die digitale und analoge Signalverarbeitung in ABS-Sensoren},
  booktitle = {Design eines CMOS-Testchips für die digitale und analoge Signalverarbeitung in ABS-Sensoren},
  year      = {2013},
  file      = {:/home/tlattmann/cadence_server/tlattmann/BA/Quellen/Masterthesis_Sabotta.pdf:PDF},
}

@InProceedings{dreschhoff2010Diplomarbeit,
  author    = {Jan-Heiner Dreschhoff},
  title     = {FPGA-Prototyp der Signalverarbeitung and für and ABS-Sensoren mit Diagnosefunktion},
  booktitle = {FPGA-Prototyp der Signalverarbeitung and für and ABS-Sensoren mit Diagnosefunktion},
  year      = {2010},
  file      = {:/home/tlattmann/cadence_server/tlattmann/BA/Quellen/Diplomarbeit_dreschhoff.pdf:PDF},
}

@Book{reichardt2013lehrbuch,
  title     = {Lehrbuch Digitaltechnik: Eine Einf{\"u}hrung mit VHDL},
  publisher = {Walter de Gruyter},
  year      = {2013},
  author    = {Reichardt, J{\"u}rgen},
  file      = {:/home/tlattmann/Bachelorarbeit/BA/Quellen/Lehrbuch Digitaltechnik - Juergen Reichardt.pdf:PDF},
}

@Article{krey2015systemarchitektur,
  author    = {Krey, Martin},
  title     = {Systemarchitektur und Signalverarbeitung f{\"u}r die Diagnose von magnetischen ABS-Sensoren},
  journal   = {test},
  year      = {2015},
  file      = {:/home/tlattmann/Bachelorarbeit/BA/Quellen/diss_martin_krey.pdf:PDF},
  publisher = {Lehrstuhl: Technische Informatik},
}

@Misc{krrts2017freqfilt,
  author = {Karl-Ragmar Riemschneider and Thorben Schüthe},
  title  = {FREQUENCY FILTERING AND STRAY FIELD COMPENSATION USING 2D-DFT ALGORITHM},
  file   = {Frequency_filtering_and_stray_field_compensation_using_2D-DFT_algorithm.pdf:/home/tlattmann/Bachelorarbeit/Thesis/Quellen/Frequency_filtering_and_stray_field_compensation_using_2D-DFT_algorithm.pdf:PDF},
}

@Book{john2007digital,
  title     = {Digital signal processing: principles, algorithms, and applications},
  publisher = {Pearson Prentice Hall},
  year      = {2007},
  author    = {John G.. Proakis and Dimitris G.. Manolakis},
}

@Misc{Lewis2003VHDL,
  author  = {Jim Lewis},
  title   = {vhdl_math_tricks_1.pdf},
  year    = {2003},
  comment = {Jim@SynthWorks.com http://www.synthworks.com/},
  file    = {vhdl_math_tricks_mapld_2003.pdf:/home/tlattmann/Bachelorarbeit/Thesis/Quellen/vhdl_math_tricks_mapld_2003.pdf:PDF},
  url     = {http://www.synthworks.com/papers/vhdl_math_tricks_mapld_2003.pdf},
}

@Misc{Qualis1995package1164reference,
  author = {Qualis Design Corporation},
  title  = {1164 Package Quick Reference Card},
  year   = {1995},
  file   = {:/home/tlattmann/Bachelorarbeit/Thesis/Quellen/1164qrc.pdf:PDF},
  url    = {http://www.ece.ubc.ca/~edc/3330.jan2016/datasheets/1164qrc.pdf},
}

@Comment{jabref-meta: databaseType:bibtex;}
